<record xmlns="http://www.loc.gov/MARC21/slim" xmlns:xsi="http://www.w3.org/2001/XMLSchema-instance" xsi:schemaLocation="http://www.loc.gov/MARC21/slim http://www.loc.gov/standards/marcxml/schema/MARC21slim.xsd"><leader>00037nz   2200037n  4500</leader><controlfield tag="001">DNB|12904315X</controlfield><controlfield tag="003">DNB</controlfield><controlfield tag="005">20061125112907.0</controlfield><controlfield tag="008">040525|||az|nnaa|||||||||||| a|aaa|||| d</controlfield><datafield ind1="7" ind2=" " tag="016"><subfield code="a">12904315X</subfield><subfield code="2">GyFmDB</subfield></datafield><datafield ind1=" " ind2=" " tag="040"><subfield code="a">0012</subfield><subfield code="b">ger</subfield><subfield code="d">9999</subfield><subfield code="f">RAK-PND</subfield></datafield><datafield ind1="1" ind2=" " tag="100"><subfield code="a">Baebius Macer, Marcus</subfield><subfield code="d">1./2. Jh.</subfield></datafield><datafield ind1="0" ind2=" " tag="400"><subfield code="a">Marcus,</subfield><subfield code="c">Baebius Macer</subfield><subfield code="d">1./2. Jh.</subfield></datafield><datafield ind1="1" ind2=" " tag="400"><subfield code="a">Baebius Macer Quintus, Marcus</subfield><subfield code="d">1./2. Jh.</subfield></datafield><datafield ind1="0" ind2=" " tag="400"><subfield code="a">Marcus,</subfield><subfield code="c">Baebius Macer Quintus</subfield><subfield code="d">1./2. Jh.</subfield></datafield><datafield ind1="1" ind2=" " tag="400"><subfield code="a">Baebius Macer, Quintus</subfield><subfield code="d">1./2. Jh.</subfield></datafield><datafield ind1=" " ind2=" " tag="670"><subfield code="a">BSB-Ink</subfield></datafield><datafield ind1=" " ind2=" " tag="678"><subfield code="a">100/01 n. Chr. vielleicht Prokonsul der Baetica; 103 Consul suffectus; 113 konsularer Statthalter von Dacia; 117 Präfekt der Stadt Rom; Freund des Plinius Caecilius Secundus (Neffe des Plinius)</subfield></datafield></record>